@book{Ivorra2017,
    title = {{An{\'{a}}lisis No Est{\'{a}}ndar}},
    year = {2017},
    author = {Ivorra, Carlos},
    publisher = {Universitat de Val{\`{e}}ncia},
    address = {Valencia}
}

@article{Fletcher2017,
    title = {{Approaches to analysis with infinitesimals following Robinson, Nelson, and others}},
    year = {2017},
    journal = {Real Analysis Exchange},
    author = {Fletcher, Peter and Hrbacek, Karel and Kanovei, Vladimir and Katz, Mikhail G. and Lobry, Claude and Sanders, Sam},
    doi = {10.14321/realanalexch.41.1.0193},
    issn = {19301219},
    arxivId = {1703.00425},
    keywords = {Axiomatisations, Ideal elements, Infinitesimal, Intuitionism, Multiverse, Naive integers, Nonstandard analysis, Protozoa, Set-theoretic foundations, Soritical properties, Superstructure, Ultraproducts}
}

@techreport{CarvajalParra2019,
    title = {{Construcci{\'{o}}n de un detector de radiaci{\'{o}}n Cherenkov}},
    year = {2019},
    author = {Carvajal Parra, Juan Pablo and Contreras Quiroz, Carlos Daniel},
    institution = {Universidad de Los Andes},
    address = {Bogot{\'{a}}}
}

@book{Keisler2011,
    title = {{Foundations of Infinitesimal Calculus}},
    year = {2011},
    author = {Keisler, H. Jerome},
    edition = {2},
    publisher = {University of Wisconsin, Madison},
    address = {Madison, WI}
}

@misc{degaard2015,
    title = {{Hyperreal Calculus}},
    year = {2015},
    author = {{\O}degaard, Arne Tobias Malkenes and Hansen, Nikolai Bjørnestøl},
    publisher = {University of Oslo},
    address = {Oslo}
}

@misc{HyperPhysics,
    title = {{Index of Refraction}},
    author = {{HyperPhysics}},
    url = {http://hyperphysics.phy-astr.gsu.edu/hbase/Tables/indrf.html}
}

@book{Goldblatt1998,
    title = {{Lectures on the Hyperreals: An Introduction to Nonstandard Analysis}},
    year = {1998},
    author = {Goldblatt, Robert},
    publisher = {Springer-Verlag},
    address = {New York},
    isbn = {038798464X}
}

@book{dyatlov_mathematical_2019,
    title = {{Mathematical {\{}Theory{\}} of {\{}Scattering{\}} {\{}Resonances{\}}}},
    year = {2019},
    author = {Dyatlov, Semyon and Zworski, Maciej},
    month = {9},
    publisher = {American Mathematical Soc.},
    isbn = {978-1-4704-4366-5}
}

@book{Bell1974,
    title = {{Models and Ultraproducts: An Introduction}},
    year = {1974},
    author = {Bell, J. L. and Slomson, A. B.},
    edition = {3},
    publisher = {North-Holland Publishing Company},
    address = {Amsterdam},
    isbn = {0720420547}
}

@book{Robinson1966,
    title = {{Non-Standard Analysis}},
    year = {1966},
    author = {Robinson, Abraham},
    publisher = {North-Holland Publishing Company},
    address = {Amsterdam},
    isbn = {9780444534071}
}

@article{Hrbacek1979,
    title = {{Nonstandard Set Theory}},
    year = {1979},
    journal = {The American Mathematical Monthly},
    author = {Hrbacek, Karel},
    number = {10},
    pages = {659--677},
    volume = {86}
}

@misc{Garcia2019,
    title = {{Notas de Clase – L{\'{o}}gica Matem{\'{a}}tica}},
    year = {2019},
    author = {Garc{\'{i}}a, Darío},
    publisher = {Universidad de Los Andes},
    address = {Bogot{\'{a}}}
}

@article{Pfister2007,
    title = {{On the history of the so-called Lense-Thirring effect}},
    year = {2007},
    journal = {General Relativity and Gravitation},
    author = {Pfister, Herbert},
    number = {11},
    pages = {1735--1748},
    volume = {39},
    isbn = {9812834265},
    doi = {10.1007/s10714-007-0521-4},
    issn = {00017701}
}

@book{Rudin1976,
    title = {{Principles of Mathematical Analysis}},
    year = {1976},
    author = {Rudin, W},
    publisher = {McGraw-Hill, Inc.},
    address = {New York},
    isbn = {0070856133}
}

@book{schiff_quantum_2010,
    title = {{Quantum mechanics}},
    year = {2010},
    author = {{Schiff}},
    publisher = {McGraw-Hill Education (India) Pvt Limited},
    isbn = {978-0-07-070243-1}
}

@book{cohen-tannoudji_quantum_1977,
    title = {{Quantum mechanics. 2}},
    year = {1977},
    author = {Cohen-Tannoudji, C and Diu, B and Lalo{\.{e}}, F},
    series = {Textbook physics},
    publisher = {John Wiley {\&} Sons},
    url = {https://books.google.com.co/books?id=BT5RAAAAMAAJ},
    isbn = {978-2-7056-5834-2}
}

@article{texier_wigner_2016,
    title = {{Wigner time delay and related concepts: {\{}Application{\}} to transport in coherent conductors}},
    shorttitle = {Wigner time delay and related concepts},
    year = {2016},
    journal = {Physica E: Low-dimensional Systems and Nanostructures},
    author = {Texier, Christophe},
    month = {8},
    pages = {16--33},
    series = {Frontiers in quantum electronic transport - {\{}In{\}} memory of {\{}Markus{\}} {\{}B{\"{u}}ttiker{\}}},
    volume = {82},
    url = {http://www.sciencedirect.com/science/article/pii/S1386947715302228},
    doi = {10.1016/j.physe.2015.09.041},
    issn = {1386-9477}
}

@misc{TedStaff10Blog,
    title = {{10 tips for better slide decks | TED Blog}},
    author = {{Ted Staff}},
    url = {https://blog.ted.com/10-tips-for-better-slide-decks/}
}

@article{Gourgoulhon19921DCollapse,
    title = {{1D numerical relativity applied to neutron star collapse}},
    year = {1992},
    journal = {Classical and Quantum Gravity},
    author = {Gourgoulhon, E.},
    doi = {10.1088/0264-9381/9/S/005},
    issn = {02649381}
}

@article{Ciufolini2004AEffect,
    title = {{A confirmation of the general relativistic prediction of the Lense-Thirring effect}},
    year = {2004},
    journal = {Nature},
    author = {Ciufolini, I and Pavlis, E C},
    pages = {958--960},
    volume = {431},
    doi = {10.1038/nature03007},
    keywords = {frame drag, gr, lagequation of state, lense-thirring, prec}
}

@article{Ciufolini2017AExperiment,
    title = {{A new laser-ranged satellite for General Relativity and space geodesy: I. An introduction to the LARES2 space experiment}},
    year = {2017},
    journal = {European Physical Journal Plus},
    author = {Ciufolini, Ignazio and Paolozzi, Antonio and Pavlis, Erricos C. and Sindoni, Giampiero and Koenig, Rolf and Ries, John C. and Matzner, Richard and Gurzadyan, Vahe and Penrose, Roger and Rubincam, David and Paris, Claudio},
    pages = {336},
    volume = {132},
    doi = {10.1140/epjp/i2017-11635-1},
    issn = {21905444}
}

@article{Manzotti2002ASymmetry,
    title = {{A Statistic for Testing the Null Hypothesis of Elliptical Symmetry}},
    year = {2002},
    journal = {Journal of Multivariate Analysis},
    author = {Manzotti, A. and P{\'{e}}rez, Francisco J. and Quiroz, Adolfo J.},
    number = {2},
    pages = {274--285},
    volume = {81},
    publisher = {Elsevier},
    url = {https://ideas.repec.org/a/eee/jmvana/v81y2002i2p274-285.html},
    keywords = {elliptically contoured distributions spherical har}
}

@article{Escobedo2017AbriendoMuros,
    title = {{Abriendo Muros}},
    year = {2017},
    journal = {Revista Summa+},
    author = {Escobedo, Frida and D{\'{i}}az Cervantes, Rodolfo and Moreau, Adrián and Montemayor, Adiranne and Cabrera, Fernando},
    month = {4},
    pages = {68--75},
    address = {Buenos Aires}
}

@misc{Douglass-Jaimes2018ADPartners,
    title = {{AD Classics: New German Parliament, Reichstag / Foster + Partners}},
    year = {2018},
    booktitle = {ArchDaily},
    author = {Douglass-Jaimes, David},
    url = {https://www.archdaily.com/775601/ad-classics-new-german-parliament-reichstag-foster-plus-partners}
}

@techreport{InstitutoNacionaldeCancerologia-ESE2019Anuario2016,
    title = {{Anuario Estad{\'{i}}stico 2016}},
    year = {2019},
    author = {{Instituto Nacional de Cancerolog{\'{i}}a - ESE}},
    pages = {Volumen 14},
    address = {Bogot{\'{a}}}
}

@misc{AntonioCostaLimaArquitectos2016AstrologersHouse,
    title = {{Astrologer's House}},
    year = {2016},
    booktitle = {The Journal of the American Institute of Architects},
    author = {{Ant{\'{o}}nio Costa Lima Arquitectos}},
    url = {https://www.architectmagazine.com/project-gallery/astrologers-house_o}
}

@book{Koberlein2013AstrophysicsSupport,
    title = {{Astrophysics through computation: With mathematica{\textregistered} support}},
    year = {2013},
    booktitle = {Astrophysics Through Computation: With Mathematica Support},
    author = {Koberlein, Brian and Meisel, David},
    isbn = {9780511863172},
    doi = {10.1017/CBO9780511863172}
}

@misc{DesignogarkitekturNorgeBergenCollege,
    title = {{Bergen University College}},
    booktitle = {DOGA},
    author = {{Design og arkitektur Norge}},
    url = {https://doga.no/en/tools/inclusive-design/cases/bergen-university-college/}
}

@article{Barack2019BlackRoadmap,
    title = {{Black holes, gravitational waves and fundamental physics: a roadmap}},
    year = {2019},
    journal = {Classical and Quantum Gravity},
    author = {Barack, Leor and Cardoso, Vitor and Nissanke, Samaya and Sotiriou, Thomas P and Askar, Abbas and Belczynski, Chris and Bertone, Gianfranco and Bon, Edi and Blas, Diego and Brito, Richard and Bulik, Tomasz and Burrage, Clare and Byrnes, Christian T and Caprini, Chiara and Chernyakova, Masha and Chru{\'{s}}ciel, Piotr and Colpi, Monica and Ferrari, Valeria and Gaggero, Daniele and Gair, Jonathan and Garc{\'{i}}a-Bellido, Juan and Hassan, S F and Heisenberg, Lavinia and Hendry, Martin and Heng, Ik Siong and Herdeiro, Carlos and Hinderer, Tanja and Horesh, Assaf and Kavanagh, Bradley J and Kocsis, Bence and Kramer, Michael and Le Tiec, Alexandre and Mingarelli, Chiara and Nardini, Germano and Nelemans, Gijs and Palenzuela, Carlos and Pani, Paolo and Perego, Albino and Porter, Edward K and Rossi, Elena M and Schmidt, Patricia and Sesana, Alberto and Sperhake, Ulrich and Stamerra, Antonio and Stein, Leo C and Tamanini, Nicola and Tauris, Thomas M and Urena-L{\'{o}}pez, L Arturo and Vincent, Frederic and Volonteri, Marta and Wardell, Barry and Wex, Norbert and Yagi, Kent and Abdelsalhin, Tiziano and Aloy, Miguel Ángel and Amaro-Seoane, Pau and Annulli, Lorenzo and Arca-Sedda, Manuel and Bah, Ibrahima and Barausse, Enrico and Barakovic, Elvis and Benkel, Robert and Bennett, Charles L and Bernard, Laura and Bernuzzi, Sebastiano and Berry, Christopher P L and Berti, Emanuele and Bezares, Miguel and Blanco-Pillado, Jose Juan and Bl{\'{a}}zquez-Salcedo, Jose Luis and Bonetti, Matteo and Bo{\v{s}}kovi{\'{c}}, Mateja and Bosnjak, Zeljka and Bricman, Katja and Br{\"{u}}gmann, Bernd and Capelo, Pedro R and Carloni, Sante and Cerd{\'{a}}-Dur{\'{a}}n, Pablo and Charmousis, Christos and Chaty, Sylvain and Clerici, Aurora and Coates, Andrew and Colleoni, Marta and Collodel, Lucas G and Comp{\`{e}}re, Geoffrey and Cook, William and Cordero-Carri{\'{o}}n, Isabel and Correia, Miguel and de la Cruz-Dombriz, Álvaro and Czinner, Viktor G and Destounis, Kyriakos and Dialektopoulos, Kostas and Doneva, Daniela and Dotti, Massimo and Drew, Amelia and Eckner, Christopher and Edholm, James and Emparan, Roberto and Erdem, Recai and Ferreira, Miguel and Ferreira, Pedro G and Finch, Andrew and Font, Jose A and Franchini, Nicola and Fransen, Kwinten and Gal’tsov, Dmitry and Ganguly, Apratim and Gerosa, Davide and Glampedakis, Kostas and Gomboc, Andreja and Goobar, Ariel and Gualtieri, Leonardo and Guendelman, Eduardo and Haardt, Francesco and Harmark, Troels and Hejda, Filip and Hertog, Thomas and Hopper, Seth and Husa, Sascha and Ihanec, Nada and Ikeda, Taishi and Jaodand, Amruta and Jetzer, Philippe and Jimenez-Forteza, Xisco and Kamionkowski, Marc and Kaplan, David E and Kazantzidis, Stelios and Kimura, Masashi and Kobayashi, Shiho and Kokkotas, Kostas and Krolik, Julian and Kunz, Jutta and L{\"{a}}mmerzahl, Claus and Lasky, Paul and Lemos, José P S and Levi Said, Jackson and Liberati, Stefano and Lopes, Jorge and Luna, Raimon and Ma, Yin-Zhe and Maggio, Elisa and Mangiagli, Alberto and Montero, Marina Martinez and Maselli, Andrea and Mayer, Lucio and Mazumdar, Anupam and Messenger, Christopher and M{\'{e}}nard, Brice and Minamitsuji, Masato and Moore, Christopher J and Mota, David and Nampalliwar, Sourabh and Nerozzi, Andrea and Nichols, David and Nissimov, Emil and Obergaulinger, Martin and Obers, Niels A and Oliveri, Roberto and Pappas, George and Pasic, Vedad and Peiris, Hiranya and Petrushevska, Tanja and Pollney, Denis and Pratten, Geraint and Rakic, Nemanja and Racz, Istvan and Radia, Miren and Ramazano{\u{g}}lu, Fethi M and Ramos-Buades, Antoni and Raposo, Guilherme and Rogatko, Marek and Rosca-Mead, Roxana and Rosinska, Dorota and Rosswog, Stephan and Ruiz-Morales, Ester and Sakellariadou, Mairi and Sanchis-Gual, Nicolás and Sharan Salafia, Om and Samajdar, Anuradha and Sintes, Alicia and Smole, Majda and Sopuerta, Carlos and Souza-Lima, Rafael and Stalevski, Marko and Stergioulas, Nikolaos and Stevens, Chris and Tamfal, Tomas and Torres-Forn{\'{e}}, Alejandro and Tsygankov, Sergey and İ {\"{U}}nl{\"{u}}t{\"{u}}rk, Kıvanç and Valiante, Rosa and van de Meent, Maarten and Velhinho, José and Verbin, Yosef and Vercnocke, Bert and Vernieri, Daniele and Vicente, Rodrigo and Vitagliano, Vincenzo and Weltman, Amanda and Whiting, Bernard and Williamson, Andrew and Witek, Helvi and Wojnar, Aneta and Yakut, Kadri and Yan, Haopeng and Yazadjiev, Stoycho and Zaharijas, Gabrijela and Zilh{\~{a}}o, Miguel},
    doi = {10.1088/1361-6382/ab0587},
    issn = {0264-9381}
}

@article{Centrella2010Black-holeRelativity,
    title = {{Black-hole binaries, gravitational waves, and numerical relativity}},
    year = {2010},
    journal = {Reviews of Modern Physics},
    author = {Centrella, Joan and Baker, John G. and Kelly, Bernard J. and van Meter, James R.},
    doi = {10.1103/RevModPhys.82.3069},
    issn = {00346861}
}

@incollection{Lopez-ArceCaracterizacionHistoricos,
    title = {{Caracterizaci{\'{o}}n de ladrillos hist{\'{o}}ricos}},
    booktitle = {La conservaci{\'{o}}n de los geomateriales utilizados en el patrimonio},
    author = {L{\'{o}}pez-Arce, Paula},
    pages = {75--84}
}

@book{Jackson1999ClassicalElectrodynamics,
    title = {{Classical Electrodynamics}},
    year = {1999},
    author = {Jackson, John David},
    edition = {3rd ed.},
    publisher = {John Wiley {\&} Sons, Inc.},
    address = {New York},
    isbn = {0-471-30932-X}
}

@techreport{DIMPE2018COLOMBIA-CEED-2012-2013-2014-2015-2016-2017-2018,
    title = {{COLOMBIA - Censo de Edificaciones -CEED-2012-2013-2014-2015-2016-2017-2018}},
    year = {2018},
    author = {{DIMPE}},
    institution = {DANE}
}

@inproceedings{MacCallum2002ComputerRelativity,
    title = {{Computer algebra in general relativity}},
    year = {2002},
    booktitle = {International Journal of Modern Physics A},
    author = {MacCallum, M. A.H.},
    doi = {10.1142/S0217751X02011643},
    issn = {0217751X},
    keywords = {Computer algebra, Gravitation, Relativity}
}

@incollection{Heinicke2002ComputerGravity,
    title = {{Computer algebra in gravity}},
    year = {2002},
    booktitle = {Computer Algebra Handbook},
    author = {Heinicke, Christian and Hehl, Friedrich W.},
    editor = {Grabmeier, J. and Kaltofen, E. and Weispfennig, V.},
    publisher = {Springer},
    address = {Berlin}
}

@misc{MacCallum2018ComputerResearch,
    title = {{Computer algebra in gravity research}},
    year = {2018},
    booktitle = {Living Reviews in Relativity},
    author = {MacCallum, Malcolm A.H.},
    doi = {10.1007/s41114-018-0015-6},
    issn = {14338351},
    keywords = {Algorithms, Computer algebra, Exact solutions, General relativity, Gravitation theory, Programs}
}

@misc{UniversidadaDistanciadeMadrid2018ConsejosYouTube,
    title = {{Consejos pr{\'{a}}cticos para la escritura acad{\'{e}}mica - Borja Ruiz (09 min) - UDIMA - YouTube}},
    year = {2018},
    author = {{Universidad a Distancia de Madrid}},
    url = {https://www.youtube.com/watch?v=K5Aaei6O-HY}
}

@article{MolinaPrieto2011DeVista,
    title = {{De la mamposter{\'{i}}a colonial al ladrillo a la vista}},
    year = {2011},
    journal = {Nodo},
    author = {Molina Prieto, Luis Fernando and Hinojosa de Parra, Rita},
    number = {10},
    pages = {91--112},
    volume = {5}
}

@article{Arbona1999DealingRelativity,
    title = {{Dealing with the center and boundary problems in 1D numerical relativity}},
    year = {1999},
    journal = {Computer Physics Communications},
    author = {Arbona, A. and Bona, C.},
    doi = {10.1016/S0010-4655(99)00191-5},
    issn = {00104655}
}

@article{Garcia2015DesarrolloExpedicion,
    title = {{Desarrollo de la normativa sismo resistente colombiana en los 30 a{\~{n}}is desde su primera expedici{\'{o}}n}},
    year = {2015},
    journal = {Revista de Ingenier{\'{i}}a},
    author = {Garc{\'{i}}a, Luis Enrique},
    number = {48},
    pages = {71--77},
    volume = {0}
}

@article{Ciufolini2006DeterminationGRACE,
    title = {{Determination of frame-dragging using Earth gravity models from CHAMP and GRACE}},
    year = {2006},
    journal = {New Astronomy},
    author = {Ciufolini, I. and Pavlis, E. C. and Peron, R.},
    number = {8},
    pages = {527--550},
    volume = {11},
    doi = {10.1016/j.newast.2006.02.001},
    issn = {13841076},
    keywords = {Gravitation, Gravitomagnetism, Laser ranging, Lense-Thirring, Relativity}
}

@inproceedings{Sinha2002DevelopmentMasonry,
    title = {{Development and potential of structural masonry}},
    year = {2002},
    booktitle = {Semin{\'{a}}rio sobre Paredes de Alvenaria},
    author = {Sinha, Braj P}
}

@article{VargasCaicedo2018ElProcesos,
    title = {{El desarrollo de la mamposter{\'{i}}a estructural en Colombia. Hitos y procesos}},
    year = {2018},
    author = {Vargas Caicedo, Hernando}
}

@unpublished{Keresztes2019EvolutionsSpacetimes,
    title = {{Evolutions of spinning bodies moving in rotating black hole spacetimes}},
    year = {2019},
    author = {Keresztes, Zoltán and Mik{\'{o}}czi, Balázs},
    url = {arxiv.org/abs/1907.00974}
}

@misc{Chandler2010Explained:Thermoelectricity,
    title = {{Explained: Thermoelectricity}},
    year = {2010},
    booktitle = {MIT News},
    author = {Chandler, David L.},
    month = {4},
    url = {http://news.mit.edu/2010/explained-thermoelectricity-0427},
    address = {Cambridge}
}

@misc{Cardoso2015ExploringRelativity,
    title = {{Exploring new physics frontiers through numerical relativity}},
    year = {2015},
    booktitle = {Living Reviews in Relativity},
    author = {Cardoso, Vitor and Gualtieri, Leonardo and Herdeiro, Carlos and Sperhake, Ulrich},
    doi = {10.1007/lrr-2015-1},
    issn = {14338351},
    keywords = {Alternative theories of gravity, Black holes, Extensions of the standard model, Extra dimensions, Gravitation, Numerical methods, Trans-Planckian scattering}
}

@article{Akiyama2019FirstHole,
    title = {{First M87 Event Horizon Telescope Results. I. The Shadow of the Supermassive Black Hole}},
    year = {2019},
    journal = {The Astrophysical Journal},
    author = {Akiyama, Kazunori and Alberdi, Antxon and Alef, Walter and Asada, Keiichi and Azulay, Rebecca and Baczko, Anne-Kathrin and Ball, David and Balokovi{\'{c}}, Mislav and Barrett, John and Bintley, Dan and Blackburn, Lindy and Boland, Wilfred and Bouman, Katherine L. and Bower, Geoffrey C. and Bremer, Michael and Brinkerink, Christiaan D. and Brissenden, Roger and Britzen, Silke and Broderick, Avery E. and Broguiere, Dominique and Bronzwaer, Thomas and Byun, Do-Young and Carlstrom, John E. and Chael, Andrew and Chan, Chi-kwan and Chatterjee, Shami and Chatterjee, Koushik and Chen, Ming-Tang and Chen, Yongjun and Cho, Ilje and Christian, Pierre and Conway, John E. and Cordes, James M. and Crew, Geoffrey B. and Cui, Yuzhu and Davelaar, Jordy and Laurentis, Mariafelicia De and Deane, Roger and Dempsey, Jessica and Desvignes, Gregory and Dexter, Jason and Doeleman, Sheperd S. and Eatough, Ralph P. and Falcke, Heino and Fish, Vincent L. and Fomalont, Ed and Fraga-Encinas, Raquel and Freeman, William T. and Friberg, Per and Fromm, Christian M. and G{\'{o}}mez, José L. and Galison, Peter and Gammie, Charles F. and Garc{\'{i}}a, Roberto and Gentaz, Olivier and Georgiev, Boris and Goddi, Ciriaco and Gold, Roman and Gu, Minfeng and Gurwell, Mark and Hada, Kazuhiro and Hecht, Michael H. and Hesper, Ronald and Ho, Luis C. and Ho, Paul and Honma, Mareki and Huang, Chih-Wei L. and Huang, Lei and Hughes, David H. and Ikeda, Shiro and Inoue, Makoto and Issaoun, Sara and James, David J. and Jannuzi, Buell T. and Janssen, Michael and Jeter, Britton and Jiang, Wu and Johnson, Michael D. and Jorstad, Svetlana and Jung, Taehyun and Karami, Mansour and Karuppusamy, Ramesh and Kawashima, Tomohisa and Keating, Garrett K. and Kettenis, Mark and Kim, Jae-Young and Kim, Junhan and Kim, Jongsoo and Kino, Motoki and Koay, Jun Yi and Koch, Patrick M. and Koyama, Shoko and Kramer, Michael and Kramer, Carsten and Krichbaum, Thomas P. and Kuo, Cheng-Yu and Lauer, Tod R. and Lee, Sang-Sung and Li, Yan-Rong and Li, Zhiyuan and Lindqvist, Michael and Liu, Kuo and Liuzzo, Elisabetta and Lo, Wen-Ping and Lobanov, Andrei P. and Loinard, Laurent and Lonsdale, Colin and Lu, Ru-Sen and MacDonald, Nicholas R. and Mao, Jirong and Markoff, Sera and Marrone, Daniel P. and Marscher, Alan P. and Mart{\'{i}}-Vidal, Iván and Matsushita, Satoki and Matthews, Lynn D. and Medeiros, Lia and Menten, Karl M. and Mizuno, Yosuke and Mizuno, Izumi and Moran, James M. and Moriyama, Kotaro and Moscibrodzka, Monika and M{\"{u}}ller, Cornelia and Nagai, Hiroshi and Nagar, Neil M. and Nakamura, Masanori and Narayan, Ramesh and Narayanan, Gopal and Natarajan, Iniyan and Neri, Roberto and Ni, Chunchong and Noutsos, Aristeidis and Okino, Hiroki and Olivares, Héctor and Ortiz-Le{\'{o}}n, Gisela N. and Oyama, Tomoaki and {\"{O}}zel, Feryal and Palumbo, Daniel C. M. and Patel, Nimesh and Pen, Ue-Li and Pesce, Dominic W. and Pi{\'{e}}tu, Vincent and Plambeck, Richard and PopStefanija, Aleksandar and Porth, Oliver and Prather, Ben and Preciado-L{\'{o}}pez, Jorge A. and Psaltis, Dimitrios and Pu, Hung-Yi and Ramakrishnan, Venkatessh and Rao, Ramprasad and Rawlings, Mark G. and Raymond, Alexander W. and Rezzolla, Luciano and Ripperda, Bart and Roelofs, Freek and Rogers, Alan and Ros, Eduardo and Rose, Mel and Roshanineshat, Arash and Rottmann, Helge and Roy, Alan L. and Ruszczyk, Chet and Ryan, Benjamin R. and Rygl, Kazi L. J. and S{\'{a}}nchez, Salvador and S{\'{a}}nchez-Arguelles, David and Sasada, Mahito and Savolainen, Tuomas and Schloerb, F. Peter and Schuster, Karl-Friedrich and Shao, Lijing and Shen, Zhiqiang and Small, Des and Sohn, Bong Won and SooHoo, Jason and Tazaki, Fumie and Tiede, Paul and Tilanus, Remo P. J. and Titus, Michael and Toma, Kenji and Torne, Pablo and Trent, Tyler and Trippe, Sascha and Tsuda, Shuichiro and Bemmel, Ilse van and van Langevelde, Huib Jan and van Rossum, Daniel R. and Wagner, Jan and Wardle, John and Weintroub, Jonathan and Wex, Norbert and Wharton, Robert and Wielgus, Maciek and Wong, George N. and Wu, Qingwen and Young, Ken and Young, André and Younsi, Ziri and Yuan, Feng and Yuan, Ye-Fei and Zensus, J. Anton and Zhao, Guangyao and Zhao, Shan-Shan and Zhu, Ziyan and Algaba, Juan-Carlos and Allardi, Alexander and Amestica, Rodrigo and Anczarski, Jadyn and Bach, Uwe and Baganoff, Frederick K. and Beaudoin, Christopher and Benson, Bradford A. and Berthold, Ryan and Blanchard, Jay M. and Blundell, Ray and Bustamente, Sandra and Cappallo, Roger and Castillo-Dom{\'{i}}nguez, Edgar and Chang, Chih-Cheng and Chang, Shu-Hao and Chang, Song-Chu and Chen, Chung-Chen and Chilson, Ryan and Chuter, Tim C. and Rosado, Rodrigo Córdova and Coulson, Iain M. and Crawford, Thomas M. and Crowley, Joseph and David, John and Derome, Mark and Dexter, Matthew and Dornbusch, Sven and Dudevoir, Kevin A. and Dzib, Sergio A. and Eckart, Andreas and Eckert, Chris and Erickson, Neal R. and Everett, Wendeline B. and Faber, Aaron and Farah, Joseph R. and Fath, Vernon and Folkers, Thomas W. and Forbes, David C. and Freund, Robert and G{\'{o}}mez-Ruiz, Arturo I. and Gale, David M. and Gao, Feng and Geertsema, Gertie and Graham, David A. and Greer, Christopher H. and Grosslein, Ronald and Gueth, Frédéric and Haggard, Daryl and Halverson, Nils W. and Han, Chih-Chiang and Han, Kuo-Chang and Hao, Jinchi and Hasegawa, Yutaka and Henning, Jason W. and Hern{\'{a}}ndez-G{\'{o}}mez, Antonio and Herrero-Illana, Rubén and Heyminck, Stefan and Hirota, Akihiko and Hoge, James and Huang, Yau-De and Impellizzeri, C. M. Violette and Jiang, Homin and Kamble, Atish and Keisler, Ryan and Kimura, Kimihiro and Kono, Yusuke and Kubo, Derek and Kuroda, John and Lacasse, Richard and Laing, Robert A. and Leitch, Erik M. and Li, Chao-Te and Lin, Lupin C.-C. and Liu, Ching-Tang and Liu, Kuan-Yu and Lu, Li-Ming and Marson, Ralph G. and Martin-Cocher, Pierre L. and Massingill, Kyle D. and Matulonis, Callie and McColl, Martin P. and McWhirter, Stephen R. and Messias, Hugo and Meyer-Zhao, Zheng and Michalik, Daniel and Monta{\~{n}}a, Alfredo and Montgomerie, William and Mora-Klein, Matias and Muders, Dirk and Nadolski, Andrew and Navarro, Santiago and Neilsen, Joseph and Nguyen, Chi H. and Nishioka, Hiroaki and Norton, Timothy and Nowak, Michael A. and Nystrom, George and Ogawa, Hideo and Oshiro, Peter and Oyama, Tomoaki and Parsons, Harriet and Paine, Scott N. and Pe{\~{n}}alver, Juan and Phillips, Neil M. and Poirier, Michael and Pradel, Nicolas and Primiani, Rurik A. and Raffin, Philippe A. and Rahlin, Alexandra S. and Reiland, George and Risacher, Christopher and Ruiz, Ignacio and S{\'{a}}ez-Mada{\'{i}}n, Alejandro F. and Sassella, Remi and Schellart, Pim and Shaw, Paul and Silva, Kevin M. and Shiokawa, Hotaka and Smith, David R. and Snow, William and Souccar, Kamal and Sousa, Don and Sridharan, T. K. and Srinivasan, Ranjani and Stahm, William and Stark, Anthony A. and Story, Kyle and Timmer, Sjoerd T. and Vertatschitsch, Laura and Walther, Craig and Wei, Ta-Shun and Whitehorn, Nathan and Whitney, Alan R. and Woody, David P. and Wouterloot, Jan G. A. and Wright, Melvin and Yamaguchi, Paul and Yu, Chen-Yu and Zeballos, Milagros and Zhang, Shuo and Ziurys, Lucy},
    doi = {10.3847/2041-8213/ab0ec7}
}

@article{Akiyama2019FirstRing,
    title = {{First M87 Event Horizon Telescope Results. V. Physical Origin of the Asymmetric Ring}},
    year = {2019},
    journal = {The Astrophysical Journal},
    author = {Akiyama, Kazunori and Alberdi, Antxon and Alef, Walter and Asada, Keiichi and Azulay, Rebecca and Baczko, Anne-Kathrin and Ball, David and Balokovi{\'{c}}, Mislav and Barrett, John and Bintley, Dan and Blackburn, Lindy and Boland, Wilfred and Bouman, Katherine L. and Bower, Geoffrey C. and Bremer, Michael and Brinkerink, Christiaan D. and Brissenden, Roger and Britzen, Silke and Broderick, Avery E. and Broguiere, Dominique and Bronzwaer, Thomas and Byun, Do-Young and Carlstrom, John E. and Chael, Andrew and Chan, Chi-kwan and Chatterjee, Shami and Chatterjee, Koushik and Chen, Ming-Tang and Chen, Yongjun and Cho, Ilje and Christian, Pierre and Conway, John E. and Cordes, James M. and Crew, Geoffrey B. and Cui, Yuzhu and Davelaar, Jordy and De Laurentis, Mariafelicia and Deane, Roger and Dempsey, Jessica and Desvignes, Gregory and Dexter, Jason and Doeleman, Sheperd S. and Eatough, Ralph P. and Falcke, Heino and Fish, Vincent L. and Fomalont, Ed and Fraga-Encinas, Raquel and Friberg, Per and Fromm, Christian M. and G{\'{o}}mez, José L. and Galison, Peter and Gammie, Charles F. and Garc{\'{i}}a, Roberto and Gentaz, Olivier and Georgiev, Boris and Goddi, Ciriaco and Gold, Roman and Gu, Minfeng and Gurwell, Mark and Hada, Kazuhiro and Hecht, Michael H. and Hesper, Ronald and Ho, Luis C. and Ho, Paul and Honma, Mareki and Huang, Chih-Wei L. and Huang, Lei and Hughes, David H. and Ikeda, Shiro and Inoue, Makoto and Issaoun, Sara and James, David J. and Jannuzi, Buell T. and Janssen, Michael and Jeter, Britton and Jiang, Wu and Johnson, Michael D. and Jorstad, Svetlana and Jung, Taehyun and Karami, Mansour and Karuppusamy, Ramesh and Kawashima, Tomohisa and Keating, Garrett K. and Kettenis, Mark and Kim, Jae-Young and Kim, Junhan and Kim, Jongsoo and Kino, Motoki and Koay, Jun Yi and Koch, Patrick M. and Koyama, Shoko and Kramer, Michael and Kramer, Carsten and Krichbaum, Thomas P. and Kuo, Cheng-Yu and Lauer, Tod R. and Lee, Sang-Sung and Li, Yan-Rong and Li, Zhiyuan and Lindqvist, Michael and Liu, Kuo and Liuzzo, Elisabetta and Lo, Wen-Ping and Lobanov, Andrei P. and Loinard, Laurent and Lonsdale, Colin and Lu, Ru-Sen and MacDonald, Nicholas R. and Mao, Jirong and Markoff, Sera and Marrone, Daniel P. and Marscher, Alan P. and Mart{\'{i}}-Vidal, Iván and Matsushita, Satoki and Matthews, Lynn D. and Medeiros, Lia and Menten, Karl M. and Mizuno, Yosuke and Mizuno, Izumi and Moran, James M. and Moriyama, Kotaro and Moscibrodzka, Monika and Mul̈ler, Cornelia and Nagai, Hiroshi and Nagar, Neil M. and Nakamura, Masanori and Narayan, Ramesh and Narayanan, Gopal and Natarajan, Iniyan and Neri, Roberto and Ni, Chunchong and Noutsos, Aristeidis and Okino, Hiroki and Olivares, Héctor and Oyama, Tomoaki and {\"{O}}zel, Feryal and Palumbo, Daniel C. M. and Patel, Nimesh and Pen, Ue-Li and Pesce, Dominic W. and Pi{\'{e}}tu, Vincent and Plambeck, Richard and PopStefanija, Aleksandar and Porth, Oliver and Prather, Ben and Preciado-L{\'{o}}pez, Jorge A. and Psaltis, Dimitrios and Pu, Hung-Yi and Ramakrishnan, Venkatessh and Rao, Ramprasad and Rawlings, Mark G. and Raymond, Alexander W. and Rezzolla, Luciano and Ripperda, Bart and Roelofs, Freek and Rogers, Alan and Ros, Eduardo and Rose, Mel and Roshanineshat, Arash and Rottmann, Helge and Roy, Alan L. and Ruszczyk, Chet and Ryan, Benjamin R. and Rygl, Kazi L. J. and S{\'{a}}nchez, Salvador and S{\'{a}}nchez-Arguelles, David and Sasada, Mahito and Savolainen, Tuomas and Schloerb, F. Peter and Schuster, Karl-Friedrich and Shao, Lijing and Shen, Zhiqiang and Small, Des and Sohn, Bong Won and SooHoo, Jason and Tazaki, Fumie and Tiede, Paul and Tilanus, Remo P. J. and Titus, Michael and Toma, Kenji and Torne, Pablo and Trent, Tyler and Trippe, Sascha and Tsuda, Shuichiro and van Bemmel, Ilse and van Langevelde, Huib Jan and van Rossum, Daniel R. and Wagner, Jan and Wardle, John and Weintroub, Jonathan and Wex, Norbert and Wharton, Robert and Wielgus, Maciek and Wong, George N. and Wu, Qingwen and Young, André and Young, Ken and Younsi, Ziri and Yuan, Feng and Yuan, Ye-Fei and Zensus, J. Anton and Zhao, Guangyao and Zhao, Shan-Shan and Zhu, Ziyan and Anczarski, Jadyn and Baganoff, Frederick K. and Eckart, Andreas and Farah, Joseph R. and Haggard, Daryl and Meyer-Zhao, Zheng and Michalik, Daniel and Nadolski, Andrew and Neilsen, Joseph and Nishioka, Hiroaki and Nowak, Michael A. and Pradel, Nicolas and Primiani, Rurik A. and Souccar, Kamal and Vertatschitsch, Laura and Yamaguchi, Paul and Zhang, Shuo},
    doi = {10.3847/2041-8213/ab0f43}
}

@article{Akiyama2019FirstHoleb,
    title = {{First M87 Event Horizon Telescope Results. VI. The Shadow and Mass of the Central Black Hole}},
    year = {2019},
    journal = {The Astrophysical Journal},
    author = {Akiyama, Kazunori and Alberdi, Antxon and Alef, Walter and Asada, Keiichi and Azulay, Rebecca and Baczko, Anne-Kathrin and Ball, David and Balokovi{\'{c}}, Mislav and Barrett, John and Bintley, Dan and Blackburn, Lindy and Boland, Wilfred and Bouman, Katherine L. and Bower, Geoffrey C. and Bremer, Michael and Brinkerink, Christiaan D. and Brissenden, Roger and Britzen, Silke and Broderick, Avery E. and Broguiere, Dominique and Bronzwaer, Thomas and Byun, Do-Young and Carlstrom, John E. and Chael, Andrew and Chan, Chi-kwan and Chatterjee, Shami and Chatterjee, Koushik and Chen, Ming-Tang and Chen, Yongjun and Cho, Ilje and Christian, Pierre and Conway, John E. and Cordes, James M. and Crew, Geoffrey B. and Cui, Yuzhu and Davelaar, Jordy and De Laurentis, Mariafelicia and Deane, Roger and Dempsey, Jessica and Desvignes, Gregory and Dexter, Jason and Doeleman, Sheperd S. and Eatough, Ralph P. and Falcke, Heino and Fish, Vincent L. and Fomalont, Ed and Fraga-Encinas, Raquel and Friberg, Per and Fromm, Christian M. and G{\'{o}}mez, José L. and Galison, Peter and Gammie, Charles F. and Garc{\'{i}}a, Roberto and Gentaz, Olivier and Georgiev, Boris and Goddi, Ciriaco and Gold, Roman and Gu, Minfeng and Gurwell, Mark and Hada, Kazuhiro and Hecht, Michael H. and Hesper, Ronald and Ho, Luis C. and Ho, Paul and Honma, Mareki and Huang, Chih-Wei L. and Huang, Lei and Hughes, David H. and Ikeda, Shiro and Inoue, Makoto and Issaoun, Sara and James, David J. and Jannuzi, Buell T. and Janssen, Michael and Jeter, Britton and Jiang, Wu and Johnson, Michael D. and Jorstad, Svetlana and Jung, Taehyun and Karami, Mansour and Karuppusamy, Ramesh and Kawashima, Tomohisa and Keating, Garrett K. and Kettenis, Mark and Kim, Jae-Young and Kim, Junhan and Kim, Jongsoo and Kino, Motoki and Koay, Jun Yi and Koch, Patrick M. and Koyama, Shoko and Kramer, Michael and Kramer, Carsten and Krichbaum, Thomas P. and Kuo, Cheng-Yu and Lauer, Tod R. and Lee, Sang-Sung and Li, Yan-Rong and Li, Zhiyuan and Lindqvist, Michael and Liu, Kuo and Liuzzo, Elisabetta and Lo, Wen-Ping and Lobanov, Andrei P. and Loinard, Laurent and Lonsdale, Colin and Lu, Ru-Sen and MacDonald, Nicholas R. and Mao, Jirong and Markoff, Sera and Marrone, Daniel P. and Marscher, Alan P. and Mart{\'{i}}-Vidal, Iván and Matsushita, Satoki and Matthews, Lynn D. and Medeiros, Lia and Menten, Karl M. and Mizuno, Yosuke and Mizuno, Izumi and Moran, James M. and Moriyama, Kotaro and Moscibrodzka, Monika and M{\"{u}}ller, Cornelia and Nagai, Hiroshi and Nagar, Neil M. and Nakamura, Masanori and Narayan, Ramesh and Narayanan, Gopal and Natarajan, Iniyan and Neri, Roberto and Ni, Chunchong and Noutsos, Aristeidis and Okino, Hiroki and Olivares, Héctor and Oyama, Tomoaki and {\"{O}}zel, Feryal and Palumbo, Daniel C. M. and Patel, Nimesh and Pen, Ue-Li and Pesce, Dominic W. and Pi{\'{e}}tu, Vincent and Plambeck, Richard and PopStefanija, Aleksandar and Porth, Oliver and Prather, Ben and Preciado-L{\'{o}}pez, Jorge A. and Psaltis, Dimitrios and Pu, Hung-Yi and Ramakrishnan, Venkatessh and Rao, Ramprasad and Rawlings, Mark G. and Raymond, Alexander W. and Rezzolla, Luciano and Ripperda, Bart and Roelofs, Freek and Rogers, Alan and Ros, Eduardo and Rose, Mel and Roshanineshat, Arash and Rottmann, Helge and Roy, Alan L. and Ruszczyk, Chet and Ryan, Benjamin R. and Rygl, Kazi L. J. and S{\'{a}}nchez, Salvador and S{\'{a}}nchez-Arguelles, David and Sasada, Mahito and Savolainen, Tuomas and Schloerb, F. Peter and Schuster, Karl-Friedrich and Shao, Lijing and Shen, Zhiqiang and Small, Des and Sohn, Bong Won and SooHoo, Jason and Tazaki, Fumie and Tiede, Paul and Tilanus, Remo P. J. and Titus, Michael and Toma, Kenji and Torne, Pablo and Trent, Tyler and Trippe, Sascha and Tsuda, Shuichiro and van Bemmel, Ilse and van Langevelde, Huib Jan and van Rossum, Daniel R. and Wagner, Jan and Wardle, John and Weintroub, Jonathan and Wex, Norbert and Wharton, Robert and Wielgus, Maciek and Wong, George N. and Wu, Qingwen and Young, André and Young, Ken and Younsi, Ziri and Yuan, Feng and Yuan, Ye-Fei and Zensus, J. Anton and Zhao, Guangyao and Zhao, Shan-Shan and Zhu, Ziyan and Farah, Joseph R. and Meyer-Zhao, Zheng and Michalik, Daniel and Nadolski, Andrew and Nishioka, Hiroaki and Pradel, Nicolas and Primiani, Rurik A. and Souccar, Kamal and Vertatschitsch, Laura and Yamaguchi, Paul},
    doi = {10.3847/2041-8213/ab1141}
}

@misc{Reyes2020Fisica1,
    title = {{F{\'{i}}sica de Part{\'{i}}culas, Tarea 1}},
    year = {2020},
    author = {Reyes, Andres},
    address = {Bogot{\'{a}}}
}

@book{Reif1985FundamentalsPhysics,
    title = {{Fundamentals of Statistical and Thermal Physics}},
    year = {1985},
    author = {Reif, F.},
    publisher = {McGraw-Hill, Inc.},
    address = {Singapore},
    isbn = {0-07-085615-X}
}

@misc{MiniPhysicsGeiger-MullerTube/Counter,
    title = {{Geiger-Muller Tube/Counter}},
    author = {{Mini Physics}},
    url = {https://www.miniphysics.com/geiger-muller-tubecounter.html}
}

@inproceedings{Hrabovsky2014GeneralMathematica,
    title = {{General Relativistic Calculations in Mathematica}},
    year = {2014},
    author = {Hrabovsky, George E.}
}

@book{Zimmerman2001GeneralMathematica,
    title = {{General Relativity and Cosmology using Mathematica}},
    year = {2001},
    author = {Zimmerman, Robert L.},
    address = {Eugene, OR}
}

@article{Vankov2016GeneralTest,
    title = {{General Relativity Mercury’s Anomaly Prediction: What and How to Test?}},
    year = {2016},
    journal = {The General Science Journal},
    author = {Vankov, Kirill}
}

@book{Misner1973Gravitation,
    title = {{Gravitation}},
    year = {1973},
    author = {Misner, C. W. and Thorne, K. S. and Wheeler, J. A.},
    edition = {1st ed.},
    publisher = {W. H. Freeman and Co.},
    address = {San Francisco}
}

@book{Weinberg1972GravitationRelativity,
    title = {{Gravitation and Cosmology: Principles and Applications of the General Theory of Relativity}},
    year = {1972},
    author = {Weinberg, Steven},
    edition = {1st ed.},
    publisher = {John Wiley {\&} Sons, Inc.},
    address = {New York},
    doi = {10.1119/1.1987308},
    issn = {0002-9505}
}

@article{Nakamura1993GravitationalRelativity,
    title = {{Gravitational waves and numerical relativity}},
    year = {1993},
    journal = {Vistas in Astronomy},
    author = {Nakamura, Takashi},
    doi = {10.1016/0083-6656(93)90064-Q},
    issn = {00836656}
}

@incollection{Fliebach2012Gravitationswellen,
    title = {{Gravitationswellen}},
    year = {2012},
    booktitle = {Allgemeine Relativit{\"{a}}tstheorie},
    author = {Flie{\ss}bach, Torsten},
    doi = {10.1007/978-3-8274-3032-8{\_}7}
}

@article{Everitt2011GravityRelativity,
    title = {{Gravity probe B: Final results of a space experiment to test general relativity}},
    year = {2011},
    journal = {Physical Review Letters},
    author = {Everitt, C. W.F. and Debra, D. B. and Parkinson, B. W. and Turneaure, J. P. and Conklin, J. W. and Heifetz, M. I. and Keiser, G. M. and Silbergleit, A. S. and Holmes, T. and Kolodziejczak, J. and Al-Meshari, M. and Mester, J. C. and Muhlfelder, B. and Solomonik, V. G. and Stahl, K. and Worden, P. W. and Bencze, W. and Buchman, S. and Clarke, B. and Al-Jadaan, A. and Al-Jibreen, H. and Li, J. and Lipa, J. A. and Lockhart, J. M. and Al-Suwaidan, B. and Taber, M. and Wang, S.},
    number = {22},
    pages = {221101},
    volume = {106},
    doi = {10.1103/PhysRevLett.106.221101},
    issn = {00319007},
    arxivId = {1105.3456}
}

@misc{HartleGravity:Relativity,
    title = {{Gravity: An Introduction to Einstein's General Relativity}},
    author = {Hartle, James B.},
    url = {http://web.physics.ucsb.edu/~gravitybook/mathematica.html}
}

@article{2019HaraldsplassSykehus,
    title = {{Haraldsplass Diakonale Sykehus}},
    year = {2019},
    journal = {mur+betong},
    month = {1},
    address = {Oslo}
}

@article{Minutillo2019HaraldsplassMller,
    title = {{Haraldsplass Hospital by C.F. M{\o}ller}},
    year = {2019},
    journal = {Architectural Record},
    author = {Minutillo, Josephine},
    month = {7},
    pages = {106--111},
    address = {New York}
}

@article{HalmosHowMathematics,
    title = {{How to Write Mathematics}},
    author = {Halmos, Paul R},
    url = {https://sites.math.washington.edu/~lind/Resources/Halmos.pdf}
}

@book{Pfister2015InertiaSpace-time,
    title = {{Inertia and Gravitation. The fundamental nature and structure of space-time}},
    year = {2015},
    booktitle = {Science (New York, N.Y.)},
    author = {Pfister, Herbert and King, Markus},
    isbn = {9783319150352},
    doi = {10.1126/science.12.296.325},
    issn = {0036-8075},
    pmid = {17841898},
    keywords = {minor}
}

@misc{RozoOviedo2019IntroduccionGeneral,
    title = {{Introducci{\'{o}}n a la formulaci{\'{o}}n de Newman-Penrose y al formalismo de t{\'{e}}tradas con aplicaci{\'{o}}n en c{\'{a}}lculos en Relatividad General}},
    year = {2019},
    author = {Rozo Oviedo, Daniel Fernando},
    institution = {Universidad de Los Andes}
}

@book{Alcubierre2008IntroductionRelativity,
    title = {{Introduction to 3+1 Numerical Relativity}},
    year = {2008},
    booktitle = {Introduction to 3+1 Numerical Relativity},
    author = {Alcubierre, Miguel},
    isbn = {9780191709371},
    doi = {10.1093/acprof:oso/9780199205677.001.0001},
    keywords = {Black Hole Space-Times, Dynamical Gravitational Fields, Gauge Conditions, Gravitational Wave Extraction, Hyperbolic Reductions, Initial Data Problem, Relativistic Astrophysical Systems, Relativistic Hydrodynamics}
}

@inproceedings{Guzman2007IntroductionExamples,
    title = {{Introduction to numerical relativity through examples}},
    year = {2007},
    booktitle = {Revista Mexicana de Fisica},
    author = {Guzm{\'{a}}n, F. S.},
    issn = {0035001X},
    keywords = {Numerical methods, Numerical relativity, Self-gravitating systems}
}

@book{Randles1991IntroductionStatistic,
    title = {{Introduction to the Theory of Nonparametric Statistic}},
    year = {1991},
    author = {Randles, Ronald H. and Wolfe, Douglas A.},
    edition = {Reprint},
    publisher = {Krieger Publishing Company},
    address = {Malabar, Florida},
    isbn = {0-89464-543-9}
}

@techreport{PhyweSysteme2017Inverse-squareCounter,
    title = {{Inverse-square law and absorption of gamma or beta rays with the Geiger-M{\"{u}}ller counter}},
    year = {2017},
    author = {{Phywe Systeme}},
    url = {https://www.phywe.com/en/inverse-square-law-and-absorption-of-gamma-or-beta-rays-with-the-geiger-mueller-counter.html}
}

@article{Dickey1989InvestigatingEffect,
    title = {{Investigating relativity using lunar laser ranging: Geodetic precession and the Nordtvedt effect}},
    year = {1989},
    journal = {Advances in Space Research},
    author = {Dickey, J. O. and Newhall, X. X. and Williams, J. G.},
    number = {9},
    pages = {75--78},
    volume = {9},
    doi = {10.1016/0273-1177(89)90010-0},
    issn = {02731177}
}

@article{Eddington1942Joseph1857-1942,
    title = {{Joseph Larmor, 1857-1942}},
    year = {1942},
    journal = {Obituary Notices of Fellows of the Royal Society},
    author = {Eddington, Arthur Stanley},
    number = {11},
    pages = {197--207},
    volume = {4},
    doi = {10.1098/rsbm.1942.0016},
    issn = {1479-571X}
}

@article{Iorio2010JunoEffect,
    title = {{Juno, the angular momentum of Jupiter and the Lense-Thirring effect}},
    year = {2010},
    journal = {New Astronomy},
    author = {Iorio, Lorenzo},
    number = {6},
    pages = {554--560},
    volume = {15},
    doi = {10.1016/j.newast.2010.01.004},
    issn = {13841076},
    keywords = {Gravitational fields, Jupiter, Lunar, Relativity and gravitation, and deep-space probes, planetary}
}

@phdthesis{SullerCornejo2019LaEscobendo,
    title = {{La arquitectura sensorial de Frida Escobendo}},
    year = {2019},
    author = {Suller Cornejo, Claudia},
    pages = {60},
    school = {Escuela T{\'{e}}cnica Superior de Arquitectura de Valencia}
}

@incollection{NietoOlarte2019LaRelacion,
    title = {{La magia del Renacimiento: una nueva relaci{\'{o}}n}},
    year = {2019},
    booktitle = {Una historia de la verdad en Occidente. Ciencia, arte, religi{\'{o}}n y pol{\'{i}}tica en la conformaci{\'{o}}n de la cosmolog{\'{i}}a moderna},
    author = {Nieto Olarte, Mauricio},
    chapter = {IX},
    edition = {1},
    pages = {211--234},
    publisher = {FCE, Universidad de los Andes, Facultad de Ciencias Sociales},
    address = {Bogot{\'{a}}},
    isbn = {978-958-8249-48-3},
    doi = {10.30778/2019.67}
}

@article{Pinzon2017LaSiqueiros,
    title = {{La Tallera Siqueiros}},
    year = {2017},
    journal = {Revista Dearq},
    author = {Pinzon, Ana María and Merrett, Andrea J},
    month = {7},
    pages = {86--91},
    address = {Bogot{\'{a}}}
}

@misc{AJSoftwareMultimedia1999Leo1964,
    title = {{Leo Szilard (1898 - 1964)}},
    year = {1999},
    booktitle = {atomicarchive.com},
    author = {{AJ Software {\&} Multimedia}},
    url = {http://www.atomicarchive.com/Bios/Szilard.shtml}
}

@article{Dickey1994LunarProgram,
    title = {{Lunar laser ranging: A continuing legacy of the apollo program}},
    year = {1994},
    journal = {Science},
    author = {Dickey, J. O. and Bender, P. L. and Faller, J. E. and Newhall, X. X. and Ricklefs, R. L. and Ries, J. G. and Shelus, P. J. and Veillet, C. and Whipple, A. L. and Wiant, J. R. and Williams, J. G. and Yoder, C. F.},
    number = {5171},
    pages = {482--492},
    volume = {265},
    doi = {10.1126/science.265.5171.482},
    issn = {00368075}
}

@incollection{Seebeck1822MagnetischeTemperatur-Differenz,
    title = {{Magnetische Polarisation der Metalle und Erze durch Temperatur-Differenz}},
    year = {1822},
    booktitle = {Abhandlungen der Königlichen Akademie der Wissenschaften zu Berlin aus den Jahren 1820-1821},
    author = {Seebeck, Thomas Johann},
    pages = {265--373},
    publisher = {Georg Reimer},
    url = {file://catalog.hathitrust.org/Record/101820999 http://hdl.handle.net/2027/osu.32435055147060 (1820-1821 1820-1821) http://hdl.handle.net/2027/osu.32435055147011 (1822-1823 1822-1823) http://hdl.handle.net/2027/osu.32435055146963 (1824 1824) http://hdl.han},
    address = {Berlin},
    keywords = {Science / Periodicals.}
}

@book{Baumann2005Mathematica2,
    title = {{Mathematica{\textregistered} for theoretical physics: Electrodynamics, quantum mechanics, general relativity and fractals volume 2}},
    year = {2005},
    booktitle = {Mathematica{\textregistered} for Theoretical Physics: Electrodynamics, Quantum Mechanics, General Relativity and Fractals Volume 2},
    author = {Baumann, Gerd},
    isbn = {0387219331},
    doi = {10.1007/b106779}
}

@article{Plyatsko2011Mathisson-Papapetrou-DixonBackgrounds,
    title = {{Mathisson-Papapetrou-Dixon equations in the Schwarzschild and Kerr backgrounds}},
    year = {2011},
    journal = {Classical and Quantum Gravity},
    author = {Plyatsko, R. M. and Stefanyshyn, O. B. and Fenyk, M. T.},
    number = {19},
    pages = {195025},
    volume = {28},
    doi = {10.1088/0264-9381/28/19/195025},
    issn = {02649381},
    keywords = {minor}
}

@article{Ciufolini1996MeasurementSatellites,
    title = {{Measurement of dragging of inertial frames and gravitomagnetic field using laser-ranged satellites}},
    year = {1996},
    journal = {Il Nuovo Cimento A},
    author = {Ciufolini, I. and Lucchesi, D. and Vespe, F. and Mandiello, A.},
    pages = {575--590},
    volume = {109},
    doi = {10.1007/BF02731140},
    issn = {03693546},
    keywords = {04.80.Cc - Experimental tests of gravitational the, 11.90 - Other topics in general field and particle}
}

@article{Shapiro1988MeasurementEffect,
    title = {{Measurement of the de sitter precession of the moon: A relativistic three-body effect}},
    year = {1988},
    journal = {Physical Review Letters},
    author = {Shapiro, I. I. and Reasenberg, R. D. and Chandler, J. F. and Babcock, R. W.},
    number = {23},
    pages = {2643},
    volume = {61},
    doi = {10.1103/PhysRevLett.61.2643},
    issn = {00319007}
}

@article{Ciufolini1986MeasurementSatellites,
    title = {{Measurement of the Lense-Thirring drag on high-altitude, laser-ranged artificial satellites}},
    year = {1986},
    journal = {Physical Review Letters},
    author = {Ciufolini, Ignazio},
    number = {4},
    pages = {278},
    volume = {56},
    doi = {10.1103/PhysRevLett.56.278},
    issn = {00319007}
}

@article{SerflingMultivariateAsymmetry,
    title = {{Multivariate Symmetry and Asymmetry}},
    author = {Serfling, Robert J},
    url = {www.utdallas.edu/∼serfling},
    keywords = {and Phrases multivariate, asymmetry Blind Entry AMS Subject Classification P, skewness, symmetry}
}

@article{Tang2012NewHospitality,
    title = {{New Hospital(ity)}},
    year = {2012},
    author = {Tang, Andrew},
    month = {8},
    pages = {40--80},
    address = {Seoul}
}

@article{Bertotti1987NewPerigee,
    title = {{New test of general relativity: Measurement of de sitter geodetic precession rate for lunar perigee}},
    year = {1987},
    journal = {Physical Review Letters},
    author = {Bertotti, Bruno and Ciufolini, Ignazio and Bender, Peter L.},
    number = {11},
    pages = {1062},
    volume = {58},
    doi = {10.1103/PhysRevLett.58.1062},
    issn = {00319007}
}

@article{Martone2004NewtonCirce,
    title = {{Newton and the magic vase of circe}},
    year = {2004},
    journal = {KronoScope},
    author = {Martone, Robert},
    doi = {10.1163/1568524042801347},
    issn = {1567715X}
}

@article{Dobbs1982NewtonsMatter,
    title = {{Newton's Alchemy and His Theory of Matter}},
    year = {1982},
    journal = {Isis},
    author = {Dobbs, B. J. T.},
    doi = {10.1086/353114},
    issn = {0021-1753}
}

@misc{Oxley2005NewtonsSecrets,
    title = {{Newton's Dark Secrets}},
    year = {2005},
    author = {Oxley, Chris},
    publisher = {Public Broadcasting Service}
}

@misc{Semerak2015NoTitle,
    title = {{No Title}},
    year = {2015},
    author = {Semer{\'{a}}k, O.}
}

@book{Ruffini2003NonlinearGravitodynamics,
    title = {{Nonlinear Gravitodynamics}},
    year = {2003},
    booktitle = {Nonlinear Gravitodynamics},
    author = {Ruffini, Remo and Sigismondi, Costantino},
    publisher = {World Scientific Publishing},
    address = {Singapore},
    doi = {10.1142/5255}
}

@incollection{rsted1823NouvellesElectro-magnetiques,
    title = {{Nouvelles exp{\'{e}}riences de M. Seebeck sur les actions {\'{e}}lectro-magn{\'{e}}tiques}},
    year = {1823},
    booktitle = {Annales de Chimie et de Physique, Tome XXII},
    author = {{\O}rsted, Hans Christian},
    editor = {Gay-Lussac, Joseph Louis and Arago, François},
    pages = {199--201},
    publisher = {Crochard},
    address = {Paris}
}

@article{Lehner2014NumericalAstrophysics,
    title = {{Numerical Relativity and Astrophysics}},
    year = {2014},
    journal = {Annual Review of Astronomy and Astrophysics},
    author = {Lehner, Luis and Pretorius, Frans},
    doi = {10.1146/annurev-astro-081913-040031},
    issn = {0066-4146}
}

@misc{Baumgarte2003NumericalBinaries,
    title = {{Numerical relativity and compact binaries}},
    year = {2003},
    booktitle = {Physics Reports},
    author = {Baumgarte, Thomas W. and Shapiro, Stuart L.},
    doi = {10.1016/S0370-1573(02)00537-9},
    issn = {03701573}
}

@article{Seidel1999NumericalAstrophysics,
    title = {{Numerical relativity as a tool for computational astrophysics}},
    year = {1999},
    journal = {Journal of Computational and Applied Mathematics},
    author = {Seidel, Edward and Suen, Wai Mo},
    doi = {10.1016/S0377-0427(99)00169-7},
    issn = {03770427}
}

@article{Brugmann2000NumericalDimensions,
    title = {{Numerical relativity in 3+1 dimensions}},
    year = {2000},
    journal = {Annalen der Physik (Leipzig)},
    author = {Br{\"{u}}gmann, B.},
    doi = {10.1002/(SICI)1521-3889(200005)9:3/5<227::AID-ANDP227>3.0.CO;2-D},
    issn = {00033804}
}

@article{Witek2013NumericalSpace-times,
    title = {{Numerical relativity in higher-dimensional space-times}},
    year = {2013},
    journal = {International Journal of Modern Physics A},
    author = {Witek, Helvi},
    doi = {10.1142/S0217751X13400174},
    issn = {0217751X},
    keywords = {Numerical relativity, black holes, higher dimensions}
}

@misc{Lehner2001NumericalReview,
    title = {{Numerical relativity: A review}},
    year = {2001},
    booktitle = {Classical and Quantum Gravity},
    author = {Lehner, Luis},
    doi = {10.1088/0264-9381/18/17/202},
    issn = {02649381}
}

@article{Font1993NumericalRelativity,
    title = {{Numerical simulations of 2D potential flows in general relativity}},
    year = {1993},
    journal = {Computer Physics Communications},
    author = {Font, JoséA A. and Mart{\'{i}}, JoséM M. and Ib{\'{a}}{\~{n}}es, JoséM M. and Miralles, Juan A.},
    doi = {10.1016/0010-4655(93)90162-6},
    issn = {00104655}
}

@article{Velandia2018NumericalMetric,
    title = {{Numerical Solutions of Mathisson-Papapetrou-Dixon equations for spinning test particles in a Kerr metric}},
    year = {2018},
    journal = {Momento},
    author = {Velandia, Nelson and Tejeiro, Juan Manuel},
    number = {57},
    pages = {60--85},
    doi = {10.15446/mo.n57.73391}
}

@article{deSitter1917OnPaper.,
    title = {{On Einstein's Theory of Gravitation and its Astronomical Consequences. Third Paper.}},
    year = {1917},
    journal = {Monthly Notices of the Royal Astronomical Society},
    author = {de Sitter, W.},
    doi = {10.1093/mnras/78.1.3},
    issn = {0035-8711}
}

@article{Malkovich1973OnNormality,
    title = {{On Tests for Multivariate Normality}},
    year = {1973},
    journal = {Journal of the American Statistical Association},
    author = {Malkovich, J. F. and Afifi, A. A.},
    number = {341},
    month = {3},
    pages = {176},
    volume = {68},
    publisher = {JSTOR},
    doi = {10.2307/2284163},
    issn = {01621459}
}

@article{Anatychuk2004OnVolta,
    title = {{On the discov- ery of thermoelectricity by Volta}},
    year = {2004},
    journal = {Journal of Thermoelectricity},
    author = {Anatychuk, L. I.},
    number = {2},
    pages = {5--10},
    volume = {2004}
}

@article{Mashhoon1984OnPapers,
    title = {{On the gravitational effects of rotating masses: The Thirring-Lense papers}},
    year = {1984},
    journal = {General Relativity and Gravitation},
    author = {Mashhoon, Bahram and Hehl, Friedrich W. and Theiss, Dietmar S.},
    doi = {10.1007/BF00762913},
    issn = {00017701}
}

@article{Korzhuyev2011OnEffects,
    title = {{On the sequence of discovery of the basic thermoelectric effects}},
    year = {2011},
    journal = {Journal of Thermoelectricity},
    author = {Korzhuyev, M. A. and Katin, I. V.},
    number = {3},
    pages = {79},
    volume = {2011}
}

@misc{Nolte2019OrbitingHole,
    title = {{Orbiting Photons around a Black Hole}},
    year = {2019},
    booktitle = {Galileo Unbound},
    author = {Nolte, David D.}
}

@misc{Romero2016PearlConspirativas,
    title = {{Pearl Harbor: 75 A{\~{n}}os de Teor{\'{i}}as Conspirativas}},
    year = {2016},
    booktitle = {El Nacional},
    author = {Romero, Aníbal},
    month = {12},
    address = {Caracas}
}

@misc{Kennedy2004PhaseEquation,
    title = {{Phase shifts and resonances in the Dirac equation}},
    year = {2004},
    booktitle = {International Journal of Modern Physics A},
    author = {Kennedy, Piers and Dombey, Norman and Hall, Richard L.},
    doi = {10.1142/S0217751X04018713},
    issn = {0217751X},
    keywords = {Dirac equation, Resonances, Scattering theory, Time delay}
}

@article{Piran1981PROBLEMSRELATIVITY,
    title = {{PROBLEMS AND SOLUTIONS IN NUMERICAL RELATIVITY}},
    year = {1981},
    journal = {Annals of the New York Academy of Sciences},
    author = {Piran, Tsvi},
    doi = {10.1111/j.1749-6632.1981.tb33686.x},
    issn = {17496632}
}

@techreport{ComitedePregradodelDepartamentodeFisica2017PropuestaFisica,
    title = {{Propuesta de reforma curricular para el programa de pregrado en f{\'{i}}sica}},
    year = {2017},
    author = {{Comit{\'{e}} de Pregrado del Departamento de F{\'{i}}sica}},
    url = {https://fisica.uniandes.edu.co/images/Documentos/Reforma_curricular/Reforma_Curricular_Pregrado_en_Fisica.pdf},
    institution = {Universidad de Los Andes},
    address = {Bogot{\'{a}}}
}

@misc{Parra-Muller2017Proyectos,
    title = {{Proyectos}},
    year = {2017},
    booktitle = {Arquitectura de Maternidades},
    author = {{Parra-M{\"{u}}ller}},
    url = {http://arquitecturadematernidades.com/proyectos/}
}

@misc{Zwiebach2013QuantumDynamics,
    title = {{Quantum Dynamics}},
    year = {2013},
    author = {Zwiebach, B.},
    publisher = {MIT},
    address = {Cambridge, MA}
}

@book{Schiff1973QuantumMechanics,
    title = {{Quantum Mechanics}},
    year = {1973},
    author = {Schiff, L. I.},
    edition = {2nd},
    publisher = {McGraw-Hill, Inc.},
    address = {New York}
}

@book{Landau1974QuantumTheory,
    title = {{Quantum Mechanics Non-relativistic Theory}},
    year = {1974},
    booktitle = {Course of Theoretical Physics},
    author = {Landau, L.D. and Lifshitz, E.M.},
    edition = {2nd ed.},
    publisher = {Pergamon Press},
    address = {Oxford},
    isbn = {9780750635394}
}

@book{Cohen-Tannoudji1973QuantumII,
    title = {{Quantum Mechanics, Vol. II}},
    year = {1973},
    author = {Cohen-Tannoudji, C.},
    publisher = {Wiley}
}

@book{Scheck2007QuantumPhysics,
    title = {{Quantum Physics}},
    year = {2007},
    booktitle = {Quantum Physics},
    author = {Scheck, Florian},
    edition = {2nd ed.},
    publisher = {Springer-Verlag},
    address = {Berlin},
    isbn = {9783540256458}
}

@misc{ComisionAsesoraPermanentedelRegimendeConstruccionesSismoResistentes1998ReglamentoResistentes,
    title = {{Reglamento de construcciones sismo resistentes}},
    year = {1998},
    author = {Comisi{\'{o}}n Asesora Permanente del R{\'{e}}gimen de Construcciones Sismo Resistentes, .},
    publisher = {Ministerio de Desarrollo Econ{\'{o}}mico},
    address = {Bogot{\'{a}}}
}

@misc{FosterandPartners2013ReichstagParliament,
    title = {{Reichstag, New German Parliament}},
    year = {2013},
    author = {{Foster and Partners}},
    url = {https://www.fosterandpartners.com/projects/reichstag-new-german-parliament/}
}

@book{Hoyng2006RelativisticPrimer,
    title = {{Relativistic Astrophysics and Cosmology: A Primer}},
    year = {2006},
    author = {Hoyng, Peter},
    publisher = {Springer-Verlag},
    address = {Berlin}
}

@article{Cugusi1978RelativisticSatellites,
    title = {{Relativistic Effects on the Motion of Earth's Artificial Satellites}},
    year = {1978},
    journal = {Astronomy and Astrophysics},
    author = {Cugusi, L and Proverbio, E},
    number = {1978},
    pages = {321--325},
    volume = {69}
}

@book{Bjorken1965RelativisticFields,
    title = {{Relativistic Quantum Fields}},
    year = {1965},
    author = {Bjorken, James D. and Drell, Sidney D.},
    edition = {1st ed.},
    publisher = {McGraw-Hill, Inc.},
    address = {New York},
    isbn = {07-005494-0}
}

@book{Rindler2006Relativity:Cosmological,
    title = {{Relativity: Special, General, and Cosmological}},
    year = {2006},
    author = {Rindler, Wolfgang},
    edition = {2nd ed.},
    publisher = {Oxford University Press},
    address = {Oxford},
    isbn = {0198567316}
}

@article{Micklinghoff1978ResonanceStates,
    title = {{Resonance scattering with modified continuum states}},
    year = {1978},
    journal = {Nuclear Physics A},
    author = {Micklinghoff, M.},
    number = {295},
    pages = {237–255},
    volume = {2},
    doi = {10.1016/0375-9474(78)90113-6}
}

@misc{VeeduriaDistrital2018SanLocal,
    title = {{San Cristobal: Ficha Local}},
    year = {2018},
    author = {{Veedur{\'{i}}a Distrital}},
    url = {https://veeduriadistrital.gov.co/sites/default/files/files/NotasLocales/Ficha Localidad San Cristobal.pdf},
    institution = {Veedur{\'{i}}a Distrital},
    address = {Bogot{\'{a}}}
}

@techreport{Cremaldi2019SeebeckEffects,
    title = {{Seebeck and Peltier Effects}},
    year = {2019},
    author = {Cremaldi, Lucien},
    url = {http://www.phy.olemiss.edu/~cremaldi/PHYS417/Seebeck and Peltier Effects.pdf},
    institution = {University of Mississippi},
    address = {Oxford}
}

@misc{TheTrusteesofPrincetonUniversity2015SeebeckEffect,
    title = {{Seebeck Effect}},
    year = {2015},
    author = {{The Trustees of Princeton University}},
    url = {https://www.princeton.edu/ssp/joseph-henry-project/thermo-electric/theory/}
}

@article{Anatychuk1994SeebeckVolta,
    title = {{Seebeck or Volta?}},
    year = {1994},
    journal = {Journal of Thermoelectricity},
    author = {Anatychuk, L. I.},
    number = {1},
    pages = {9--10},
    volume = {1994}
}

@misc{Cullen2007SemiconductorGenerator,
    title = {{Semiconductor Thermoelectric Power Generator}},
    year = {2007},
    author = {Cullen, C. M.},
    url = {https://en.wikipedia.org/wiki/File:ThermoelectricPowerGen.jpg}
}

@techreport{PhyweSysteme2017SemiconductorEffect,
    title = {{Semiconductor thermogenerator - Seebeck effect}},
    year = {2017},
    author = {{Phywe Systeme}},
    url = {https://repository.curriculab.net/files/versuchsanleitungen/p2410700/p2410700e.pdf},
    institution = {Phywe Systeme},
    address = {G{\"{o}}ttingen}
}

@techreport{FondoColombianodeEnfermedadesdeAltoCosto2018Situacion2017,
    title = {{Situaci{\'{o}}n del cancer en la poblaci{\'{o}}n adulta atendida en el SGSSS de Colombia 2017}},
    year = {2018},
    author = {{Fondo Colombiano de Enfermedades de Alto Costo}},
    address = {Bogot{\'{a}}}
}

@article{Renzetti2014SomeAnalyses,
    title = {{Some reflections on the Lageos frame-dragging experiment in view of recent data analyses}},
    year = {2014},
    journal = {New Astronomy},
    author = {Renzetti, G},
    pages = {25--27},
    volume = {29},
    doi = {https://doi.org/10.1016/j.newast.2013.10.008}
}

@book{Carroll2014SpacetimeGeometry,
    title = {{Spacetime and Geometry}},
    year = {2014},
    booktitle = {Spacetime and Geometry},
    author = {Carroll, Sean M.},
    edition = {1st ed.},
    publisher = {Pearson Education Limited},
    address = {Harlow},
    doi = {10.1017/9781108770385}
}

@article{Bini2011Spin-geodesicSpacetime,
    title = {{Spin-geodesic deviations in the Schwarzschild spacetime}},
    year = {2011},
    journal = {General Relativity and Gravitation},
    author = {Bini, Donato and Geralico, Andrea and Jantzen, Robert T.},
    doi = {10.1007/s10714-010-1111-4},
    issn = {00017701},
    keywords = {minor}
}

@inproceedings{Cianfrani2007SpinningRelativity,
    title = {{Spinning particles in general relativity}},
    year = {2007},
    booktitle = {Nuovo Cimento della Societa Italiana di Fisica B},
    author = {Cianfrani, F. and Montani, G.},
    doi = {10.1393/ncb/i2007-10353-3},
    issn = {15949982},
    arxivId = {gr-qc/0701080}
}

@article{Semerak2015SpinningTypes,
    title = {{Spinning particles in vacuum spacetimes of different curvature types}},
    year = {2015},
    journal = {Physical Review D - Particles, Fields, Gravitation and Cosmology},
    author = {Semer{\'{a}}k, O. and {\v{S}}r{\'{a}}mek, M.},
    number = {6},
    pages = {064032},
    volume = {92},
    doi = {10.1103/PhysRevD.92.064032},
    issn = {15502368},
    keywords = {minor}
}

@article{Semerak2015SpinningParticles,
    title = {{Spinning particles in vacuum spacetimes of different curvature types: Natural reference tetrads and massless particles}},
    year = {2015},
    journal = {Physical Review D - Particles, Fields, Gravitation and Cosmology},
    author = {Semer{\'{a}}k, O.},
    number = {6},
    pages = {064036},
    volume = {92},
    doi = {10.1103/PhysRevD.92.124036},
    issn = {15502368}
}

@article{Papapetrou1951SpinningI,
    title = {{Spinning Test-Particles in General Relativity. I}},
    year = {1951},
    journal = {Proceedings of the Royal Society A},
    author = {Papapetrou, Achilles},
    number = {1097},
    pages = {248--258},
    volume = {209},
    doi = {https://doi.org/10.1098{\%}2Frspa.1951.0200}
}

@book{Como2017StaticsConstructions,
    title = {{Statics of Historic Masonry Constructions}},
    year = {2017},
    author = {Como, Mario},
    edition = {3ra},
    publisher = {Springer},
    address = {Cham},
    isbn = {9783319130033},
    doi = {10.1007/978-3-319-13003-3{\_}3},
    keywords = {Deformation and equilibrium of masonry solids, Static behaviour of arches and vaults, Strength and deformability of masonry materials}
}

@inproceedings{Shibata2004StatusRelativity,
    title = {{Status of numerical relativity}},
    year = {2004},
    booktitle = {Pramana - Journal of Physics},
    author = {Shibata, Masaru},
    doi = {10.1007/BF02705193},
    issn = {03044289},
    keywords = {Black hole, Gravitational waves, Neutron star, Numerical relativity}
}

@misc{Lehner2014SummaryApplications,
    title = {{Summary of parallel session B2. "Numerical Relativity and astrophysical applications"}},
    year = {2014},
    booktitle = {General Relativity and Gravitation},
    author = {Lehner, Luis},
    doi = {10.1007/s10714-014-1690-6},
    issn = {15729532},
    keywords = {Black holes, Gravitational waves, Neutron stars, Numerical relativity}
}

@article{Birkandan2019SymbolicSystems,
    title = {{Symbolic and numerical analysis in general relativity with open source computer algebra systems}},
    year = {2019},
    journal = {General Relativity and Gravitation},
    author = {Birkandan, Tolga and G{\"{u}}zelg{\"{u}}n, Ceren and {\c{S}}irin, Elif and Uslu, Mustafa Can},
    doi = {10.1007/s10714-018-2486-x},
    issn = {15729532},
    keywords = {Geodesic motion, Numerical analysis, Symbolic analysis, Wave equations}
}

@article{Woszczyna2016SYMBOLICAPPROACH,
    title = {{SYMBOLIC TENSOR CALCULUS — FUNCTIONAL AND DYNAMIC APPROACH}},
    year = {2016},
    author = {Woszczyna, Andrzej and Plaszczyk, Piotr and Czaja, Wojciech and Golda, Zdzislaw A.},
    arxivId = {arXiv:1603.05819}
}

@article{FangSymmetricDistributions,
    title = {{Symmetric multivariate and related distributions}},
    author = {Fang, Kaitai and Kotz, Samuel and Ng, Kai Wang},
    isbn = {9781315897943}
}

@misc{Bertsekas2002TenWriting,
    title = {{Ten Simple Rules for Mathematical Writing}},
    year = {2002},
    author = {Bertsekas, Dimitri},
    publisher = {MIT},
    url = {http://newslab.ece.ohio-state.edu/for students/resources/tenrules.pdf}
}

@article{Mueller1991TestingData,
    title = {{Testing Einstein's theory of gravity by analyzing Lunar Laser Ranging data}},
    year = {1991},
    journal = {The Astrophysical Journal},
    author = {Mueller, J. and Schneider, M. and Soffel, M. and Ruder, H.},
    pages = {L101},
    volume = {382},
    doi = {10.1086/186222},
    issn = {0004-637X}
}

@incollection{Ciufolini1995TestsGeometrodynamics,
    title = {{Tests of Einstein Geometrodynamics}},
    year = {1995},
    booktitle = {Gravitation and Inertia},
    author = {Ciufolini, Ignazio and Wheeler, John Archibald},
    pages = {87--185},
    publisher = {Princeton University Press},
    address = {Princeton, NJ},
    doi = {10.2307/j.ctv301gk5.7}
}

@misc{AntonioCostaLimaArquitectos2016TheHouse,
    title = {{The Astrologer's House}},
    year = {2016},
    author = {{Ant{\'{o}}nio Costa Lima Arquitectos}},
    url = {https://www.antoniocostalima.com/portfolio-item/the-astrologers-house/}
}

@incollection{Jones1985TheBomb,
    title = {{The Bomb}},
    year = {1985},
    booktitle = {Manhattan: The Army and the Atomic Bomb},
    author = {Jones, Vincent C.},
    pages = {485--552},
    publisher = {Center of Military History, United States Army},
    address = {Washington, D.C.}
}

@book{Kolb2018TheUniverse,
    title = {{The early universe}},
    year = {2018},
    booktitle = {The Early Universe},
    author = {Kolb, Edward W. and Turner, Michael S.},
    edition = {1st ed.},
    publisher = {CRC Press},
    address = {Boca Raton},
    isbn = {9780429961410}
}

@article{Keynes1995TheNewton,
    title = {{The personality of Isaac Newton}},
    year = {1995},
    journal = {Notes and Records of the Royal Society of London},
    author = {Keynes, Milo},
    doi = {10.1098/rsnr.1995.0001},
    issn = {1743-0178}
}

@misc{OfficeoftheHistorianBureauofPublicAffairs2009The1945,
    title = {{The Potsdam Conference, 1945}},
    year = {2009},
    booktitle = {Milestones in the History of U.S. Foreign Relations},
    author = {Office of the Historian, Bureau of Public Affairs, United States Department of State},
    url = {https://history.state.gov/milestones/1937-1945/potsdam-conf}
}

@misc{TheCenterforUniversalDesign1997TheDesign,
    title = {{The Principles of Universal Design}},
    year = {1997},
    author = {{The Center for Universal Design}},
    publisher = {NC State University},
    address = {Raleigh, NC}
}

@book{Anderson2017TheTime,
    title = {{The Problem of Time}},
    year = {2017},
    author = {Anderson, Edward},
    edition = {1},
    pages = {190},
    series = {Fundamental Theories of Physics},
    publisher = {Springer International Publishing},
    url = {http://link.springer.com/10.1007/978-3-319-58848-3},
    address = {Cham},
    isbn = {978-3-319-58846-9},
    doi = {10.1007/978-3-319-58848-3}
}

@book{Krane1988TheLaw,
    title = {{The Radioactive Decay Law}},
    year = {1988},
    booktitle = {Introductory Nuclear Physics},
    author = {Krane, Kenneth S.},
    isbn = {9780471805533}
}

@misc{Ross2016TheGeodesics,
    title = {{The Schwarzschild Solution and Timelike Geodesics}},
    year = {2016},
    author = {Ross, Matthew},
    institution = {Utah State University},
    address = {Logan}
}

@misc{vlab.amrita.edu2011ThermoEffect,
    title = {{Thermo Couple-Seebeck Effect}},
    year = {2011},
    author = {{vlab.amrita.edu}},
    url = {https://vlab.amrita.edu/?sub=1&brch=194&sim=351&cnt=1}
}

@incollection{Goupil2016ThermodynamicsThermoelectricity,
    title = {{Thermodynamics and Thermoelectricity}},
    year = {2016},
    booktitle = {Continuum Theory and Modeling of Thermoelectric Elements},
    author = {Goupil, Christophe and Ouerdane, Henni and Zabrocki, Knud and Seifert, Wolfgang and Hinsche, Nicki F. and M{\"{u}}ller, Eckhard},
    isbn = {9783527338405},
    doi = {10.1002/9783527338405.ch1},
    keywords = {Galvanomagnetic effects, Ideal Fermi gas, Linear nonequilibrium thermodynamics, Thermodynamics, Thermoelectric systems, Thermoelectricity, Thermomagnetic effects}
}

@misc{Pop2017Thermoelectrics101,
    title = {{Thermoelectrics 101}},
    year = {2017},
    author = {Pop, Eric},
    publisher = {Pop Lab},
    address = {Stanford}
}

@incollection{Rhodes1986TonguesFire,
    title = {{Tongues of Fire}},
    year = {1986},
    booktitle = {The Making of the Atomic Bomb},
    author = {Rhodes, Richard},
    pages = {712--747},
    publisher = {Simon {\&} Schuster},
    address = {New York},
    isbn = {0-671-44133-7}
}

@article{Ciufolini2009TowardsModels,
    title = {{Towards a one percent measurement of frame dragging by spin with satellite laser ranging to LAGEOS, LAGEOS 2 and LARES and GRACE gravity models}},
    year = {2009},
    journal = {Space Science Reviews},
    author = {Ciufolini, Ignazio and Paolozzi, Antonio and Pavlis, Erricos C. and Ries, John C. and Koenig, Rolf and Matzner, Richard A. and Sindoni, Giampiero and Neumayer, Hans},
    pages = {71--104},
    volume = {148},
    doi = {10.1007/s11214-009-9585-7},
    issn = {00386308},
    keywords = {Frame-dragging, General Relativity, Gravitomagnetism, Lense-Thirring effect}
}

@article{Samuel2000TransportCurves,
    title = {{Transport along null curves}},
    year = {2000},
    journal = {Journal of Physics A: Mathematical and General},
    author = {Samuel, Joseph and Nityananda, Rajaram},
    doi = {10.1088/0305-4470/33/14/318},
    issn = {03054470},
    arxivId = {gr-qc/0005096},
    keywords = {minor}
}

@misc{Zwiebach2013TwoSystems,
    title = {{Two State Systems}},
    year = {2013},
    author = {Zwiebach, B.},
    publisher = {MIT},
    address = {Cambridge, MA}
}

@techreport{Case2003UniversalDesign,
    title = {{Universal Design}},
    year = {2003},
    author = {Case, Betsy J.},
    institution = {Pearson Education, Inc.},
    address = {San Antonio, TX}
}

@book{Petrie2016UniversalFuture,
    title = {{Universal Design 2016: Learning from the Past, Designing for the Future}},
    year = {2016},
    author = {Petrie, Helen and Darzentas, Jenny and Walsh, Tanja and Swallow, David and Sandoval, Leonardo and Lewis, Andrew and Power, Christopher},
    publisher = {IOS Press},
    address = {Amsterdam}
}

@book{Herwig2008UniversalLiving,
    title = {{Universal Design: Solutions for Barrier-free Living}},
    year = {2008},
    author = {Herwig, Oliver},
    publisher = {Birkh{\"{a}}user},
    address = {Basel}
}

@article{Tantau2021User3.63,
    title = {{User Guide for version 3.63}},
    year = {2021},
    author = {Tantau, Till and Wright, Joseph and Mileti{\'{c}}, Vedran},
    url = {https://github.com/josephwright/beamer}
}

@misc{SanchezRon2018WhenCentury,
    title = {{When Past Becomes Future: Physics in the 21st Century}},
    year = {2018},
    author = {S{\'{a}}nchez Ron, José Manuel},
    url = {https://www.bbvaopenmind.com/en/articles/when-past-becomes-future-physics-in-the-21st-century/}
}

@misc{SimulatingeXtremeSpacetimesWhyRelativity,
    title = {{Why Numerical Relativity?}},
    author = {{Simulating eXtreme Spacetimes}},
    url = {https://www.black-holes.org/the-science-numerical-relativity/numerical-relativity/why-numerical-relativity}
}